<?xml version="1.0" encoding="UTF-8"?><collection><record><leader>07703ntm a2200601 a 4500</leader><controlfield tag="001">006796411</controlfield><controlfield tag="003">MiAaHDL</controlfield><controlfield tag="005">20190719000000.0</controlfield><controlfield tag="006">m        d        </controlfield><controlfield tag="007">cr bn ---auaua</controlfield><controlfield tag="008">090522q14241425ua            00| ||ara d</controlfield><datafield tag="035" ind1=" " ind2=" "><subfield code="a">(MiU)006796411</subfield></datafield><datafield tag="035" ind1=" " ind2=" "><subfield code="a">sdr-miu006796411</subfield></datafield><datafield tag="040" ind1=" " ind2=" "><subfield code="a">MiU</subfield><subfield code="c">MiU</subfield><subfield code="e">amremm</subfield></datafield><datafield tag="043" ind1=" " ind2=" "><subfield code="a">n-us-mi</subfield><subfield code="a">f-ua---</subfield></datafield><datafield tag="100" ind1="1" ind2=" "><subfield code="6">880-01</subfield><subfield code="a">Būṣīrī, Sharaf al-Dīn Muḥammad ibn Saʻīd,</subfield><subfield code="d">1213?-1296?</subfield></datafield><datafield tag="240" ind1="1" ind2="0"><subfield code="6">880-02</subfield><subfield code="a">Burdah</subfield></datafield><datafield tag="245" ind1="1" ind2="3"><subfield code="6">880-03</subfield><subfield code="a">[al-Kawākib al-durrīyah fī madḥ khayr al-barīyah maʻa al-Asmāʼ al-ḥusná,</subfield><subfield code="f">828, i.e. 1424 or 1425].</subfield></datafield><datafield tag="246" ind1="3" ind2=" "><subfield code="i">Title from inscription on p.14:</subfield><subfield code="a">قصيدت البردة الشريفه</subfield></datafield><datafield tag="260" ind1=" " ind2=" "><subfield code="a">[Egypt,</subfield><subfield code="c">1424 or 1425].</subfield></datafield><datafield tag="300" ind1=" " ind2=" "><subfield code="a">33 leaves :</subfield><subfield code="b">paper ;</subfield><subfield code="c">255 x 170 (185 x 115) mm. bound to 260 x 173 mm.</subfield></datafield><datafield tag="500" ind1=" " ind2=" "><subfield code="a">Shelfmark: Ann Arbor, University of Michigan, Special Collections Library, Isl. Ms. 248</subfield></datafield><datafield tag="500" ind1=" " ind2=" "><subfield code="a">Origin: As appears in colophon on p.69, copied by Ḥamzah ibn ʻAbd al-Wahhāb in 828 [1424 or 1425], likely in Egypt. As appears in patronage statements/ex libris on p.6 and in titlepiece on p.13, copied for Karīm al-Dīn, perhaps al-Wazīr al-Ṣāḥib Karīm al-Dīn ʻAbd al-Karīm ibn Kātib al-Manākh (d.852/1448) (see Ibn Taghrībirdī, Ḥawādith al-duhūr, sanat ithnatayn wa-khamsīn wa-thamānimiʼah, shahr Rabīʻ al-Ākhir).</subfield></datafield><datafield tag="500" ind1=" " ind2=" "><subfield code="a">Former shelfmark: "۱۱۹" on paper label on upper cover (repeated in pencil on titlepage for al-Asmāʼ al-ḥusná, p.7).</subfield></datafield><datafield tag="500" ind1=" " ind2=" "><subfield code="a">Binding: Pasteboards covered in dark red-brown leather with spine and edges/turn-ins in dark brown leather of similar color ; Type III binding (without flap) ; flyleaves and pastedowns in yellow-tinted European laid paper ; upper and lower covers bear stamped and gold-painted scalloped mandorla with vegetal composition (compare Déroche class. NSd 7) ; sewn in red thread, four stations ; overall in fair condition with staining, abrasion, some lifting of leather at edges, etc.</subfield></datafield><datafield tag="500" ind1=" " ind2=" "><subfield code="a">Support: non-European laid paper (likely Egyptian) with 7-8 laid lines per cm. (horizontal) and chain lines grouped in threes (vertical) with 9-11 mm. between the chains and 37-42 mm. between the groups ; alternating tinting of the bifolia ; flyleaves in a yellow tinted European laid paper with 8-9 laid lines per cm. (vertical), chain lines spaced 28 mm. apart (horizontal) and moon in shield with face in profile and 'B G' watermark as well as in an untinted European laid paper with 9 laid lines per cm. (horizontal), chain lines spaced 26-27 mm. apart (vertical), and watermarks of spread eagle and coat of arms with lion rampant in shield with crown above ; numerous repairs.</subfield></datafield><datafield tag="500" ind1=" " ind2=" "><subfield code="a">Decoration: Rectangular panel at opening (p.6) carries poetic patronage statement (خدمت بها من قد سما بفعاله واقواله ما بين قارئ وكاتب كريم يعادي الباخلين وانه بمصر عزيز صاحب وابن صاحب) accented by cloud bands and swirling arabesque ; on p.7, illuminated titlepiece for al-Asmāʼ al-ḥusná in the form of a rectangular panel with accompanying ansa (in this case, roundel) carries title in white (الاسما الحسنى نفع الله بها) with gold outline set among gold vegetal design on a field of blue ; entire piece is framed by a heavy gold band and blue rule ; on p.12, at close of al-Asmāʼ al-ḥusná a fine illuminated tailpiece in gold and blue in the form of an almond-shaped panel flanked by illuminated rosettes carries inscription in white (تمت الاسما) ; on p.13, exquisite illuminated titlepiece for al-Burdah consisting of a large rectangular panel divided to smaller rectangular panels carrying the title and ex libris (الكواكب الدرية في مدح خير البرية صلى الله عليه وسلم برسم خزانة المقر الاشرف العالي المخدومي الصاحبي الكريمي كريم الدين عظم الله شأنه) in white set in lozenge-shaped cartouches with flanking roundels filled with vegetal design in gold on fields of blue ; ansa in the form of a roundel accompanies uppermost panel ; textual dividers in the form of illuminated rosettes with blue and red accents appear throughout ; keywords occasionally chrysographed ; for each of bayt of al-Burdah, saṭr in black and ʻajuz rubricated ; written area of incipit and facing page of al-Burdah surrounded by frame consisting of gold band and heavy blue rule ; tailpiece in the form of a rectangular panel carrying the colophon follows al-Burdah on p.69 and closely resembles opening rectangular panel (p.6).</subfield></datafield><datafield tag="500" ind1=" " ind2=" "><subfield code="a">Script: Text of al-Asmāʼ al-ḥusná in fine Mamlūk naskh, tailpiece in script resembling 'Eastern Kufic' ('broken cursive' or New Abbasid Style, NS) ; titlepiece for al-Burdah in thuluth, saṭr of each bayt in muḥaqqaq, ʻajuz in fine Mamlūk naskh ; fully vocalized ; glosses (takhmīs, mainly in Turkish, ending abruptly at p.28) in naskh-nastʻalīq, varying hands.</subfield></datafield><datafield tag="500" ind1=" " ind2=" "><subfield code="a">Layout: Written in 6 lines per page ; frame-ruled.</subfield></datafield><datafield tag="500" ind1=" " ind2=" "><subfield code="a">Collation: ii, II (4), III (10), VII (24), III+3 (33), ii ; foliation in black ink, Hindu-Arabic numerals begins with incipit page (p.14) ; pagination in pencil, Western numerals, supplied during digitization (includes flyleaves).</subfield></datafield><datafield tag="500" ind1=" " ind2=" "><subfield code="a">Colophon: "Scribal," rectangular, reads: "تمت البردة الشريفة بحمد الله تعالى وعونه على يد الفقير الى الله تعالى حمزة بن عبد الوهاب غفر الله له ولوالديه وللمسلمين اجمعين وذلك في عام ۸۲۸".</subfield></datafield><datafield tag="500" ind1=" " ind2=" "><subfield code="a">Title supplied by cataloguer.</subfield></datafield><datafield tag="500" ind1=" " ind2=" "><subfield code="a">Ms. codex.</subfield></datafield><datafield tag="510" ind1="4" ind2=" "><subfield code="a">Ibn Taghrībirdī, Ḥawādith al-duhūr fī madá al-ayyām wa-al-shuhūr. Bayrūt, 1990.</subfield><subfield code="c">(v.2 p.169)</subfield></datafield><datafield tag="520" ind1="8" ind2=" "><subfield code="a">Fine copy of Qaṣīdat al-Burdah by al-Būṣīrī (d.1294–7?) with later takhmīs mainly in Ottoman Turkish. Preceded by al-Asmāʼ al-ḥusná (with numerical values for each name) and following by notes and excerpts.</subfield></datafield><datafield tag="538" ind1=" " ind2=" "><subfield code="a">Mode of access: Internet.</subfield></datafield><datafield tag="541" ind1=" " ind2=" "><subfield code="c">Purchase ;</subfield><subfield code="a">Acquired by purchase (funds donated by Horace Rackham).</subfield><subfield code="d">1924.</subfield></datafield><datafield tag="546" ind1=" " ind2=" "><subfield code="a">Arabic.</subfield></datafield><datafield tag="561" ind1=" " ind2=" "><subfield code="a">Several former owners' marks including inscription in pencil on verso of front flyleaf (p.2) "316 T. De M." [i.e. Tammaro De Marinis], main patronage statements/ex libris on p.6 and p.13 , oval seal impression with inscription "عبده محمد امين" on p.13, and octagonal seal impression on p.13 ; both seal impressions repeated several times on p.70.</subfield></datafield><datafield tag="600" ind1="0" ind2="0"><subfield code="a">Muḥammad,</subfield><subfield code="c">Prophet,</subfield><subfield code="d">-632</subfield><subfield code="v">Poetry</subfield><subfield code="v">Early works to 1800.</subfield></datafield><datafield tag="650" ind1=" " ind2="0"><subfield code="a">Manuscripts, Arabic</subfield><subfield code="z">Michigan</subfield><subfield code="z">Ann Arbor.</subfield></datafield><datafield tag="650" ind1=" " ind2="0"><subfield code="a">God (Islam)</subfield><subfield code="x">Name</subfield><subfield code="v">Prayers and devotions</subfield><subfield code="v">Early works to 1800.</subfield></datafield><datafield tag="700" ind1="0" ind2=" "><subfield code="a">Abdülhamid</subfield><subfield code="b">II,</subfield><subfield code="c">Sultan of the Turks,</subfield><subfield code="d">1842-1918,</subfield><subfield code="e">former owner.</subfield></datafield><datafield tag="700" ind1="0" ind2=" "><subfield code="6">880-05</subfield><subfield code="a">Karīm al-Dīn ʻAbd al-Karīm,</subfield><subfield code="d">d. 1448,</subfield><subfield code="e">patron,</subfield><subfield code="e">former owner.</subfield></datafield><datafield tag="700" ind1="0" ind2=" "><subfield code="6">880-04</subfield><subfield code="a">Ḥamzah ibn ʻAbd al-Wahhāb,</subfield><subfield code="d">fl. 1424 or 5,</subfield><subfield code="e">scribe.</subfield></datafield><datafield tag="740" ind1="3" ind2="2"><subfield code="6">880-07</subfield><subfield code="a">al-Asmāʼ al-ḥusná</subfield></datafield><datafield tag="773" ind1="0" ind2=" "><subfield code="a">Abdul Hamid Collection.</subfield></datafield><datafield tag="880" ind1="3" ind2="2"><subfield code="6">740-07/</subfield><subfield code="a">الاسماء الحسنى</subfield></datafield><datafield tag="880" ind1="0" ind2=" "><subfield code="6">700-05/</subfield><subfield code="a">كريم الدين عبد الكريم،</subfield><subfield code="e">راع،</subfield><subfield code="e">مالك سابق.</subfield></datafield><datafield tag="880" ind1="0" ind2=" "><subfield code="6">700-04/</subfield><subfield code="a">حمزة بن عبد الوهاب،</subfield><subfield code="e">ناسخ.</subfield></datafield><datafield tag="880" ind1="1" ind2="2"><subfield code="6">245-03/</subfield><subfield code="a">[الكواكب الدرية في مدح خير البرية,</subfield><subfield code="f">828ه, 1424 أو 1425م].</subfield></datafield><datafield tag="880" ind1="1" ind2="0"><subfield code="6">240-02/</subfield><subfield code="a">بردة</subfield></datafield><datafield tag="880" ind1="1" ind2=" "><subfield code="6">100-01/</subfield><subfield code="a">بوصيري, شرف الدين محمد بن سعيد.</subfield></datafield><datafield tag="CID" ind1=" " ind2=" "><subfield code="a">006796411</subfield></datafield><datafield tag="DAT" ind1="0" ind2=" "><subfield code="a">20190719102636.0</subfield><subfield code="b">20190719000000.0</subfield></datafield><datafield tag="DAT" ind1="1" ind2=" "><subfield code="a">20190719090653.0</subfield><subfield code="b">2019-07-19T16:11:32Z</subfield></datafield><datafield tag="DAT" ind1="2" ind2=" "><subfield code="a">2015-10-02T18:00:03Z</subfield></datafield><datafield tag="CAT" ind1=" " ind2=" "><subfield code="a">SDR-MIU</subfield><subfield code="d">EX LIBRIS - ALEPH</subfield><subfield code="l">prepare.pl-004-008</subfield></datafield><datafield tag="FMT" ind1=" " ind2=" "><subfield code="a">BK</subfield></datafield><datafield tag="HOL" ind1=" " ind2=" "><subfield code="0">sdr-miu006796411</subfield><subfield code="a">MiU</subfield><subfield code="b">SDR</subfield><subfield code="c">MIU</subfield><subfield code="p">mdp.39015079126846</subfield><subfield code="s">MIU</subfield><subfield code="1">006796411</subfield></datafield><datafield tag="974" ind1=" " ind2=" "><subfield code="b">MIU</subfield><subfield code="c">MIU</subfield><subfield code="d">20190719</subfield><subfield code="s">lit-dlps-dc</subfield><subfield code="u">mdp.39015079126846</subfield><subfield code="y">1425</subfield><subfield code="r">pd</subfield><subfield code="q">bib</subfield><subfield code="t">non-US bib date2 &lt; 1896</subfield></datafield></record></collection>